\bibliographystyle{IEEEtran}
@article{Zgner2018AdversarialAO,
  title={Adversarial Attacks on Neural Networks for Graph Data},
  author={Daniel Z{\"u}gner and Amir Akbarnejad and Stephan G{\"u}nnemann},
  journal={Proceedings of the 24th ACM SIGKDD International Conference on Knowledge Discovery \& Data Mining},
  year={2018}
}
@inproceedings{kipf2017semi,
  title={Semi-Supervised Classification with Graph Convolutional Networks},
  author={Kipf, Thomas N. and Welling, Max},
  booktitle={International Conference on Learning Representations (ICLR)},
  year={2017}
}
@article{
  velickovic2018graph,
  title="{Graph Attention Networks}",
  author={Veli{\v{c}}kovi{\'{c}}, Petar and Cucurull, Guillem and Casanova, Arantxa and Romero, Adriana and Li{\`{o}}, Pietro and Bengio, Yoshua},
  journal={International Conference on Learning Representations},
  year={2018},
  note={accepted as poster},
}
 @inproceedings{hamilton2017inductive,
     author = {Hamilton, William L. and Ying, Rex and Leskovec, Jure},
     title = {Inductive Representation Learning on Large Graphs},
     booktitle = {NIPS},
     year = {2017}
   }
@inproceedings{gao2019graph,
    title={Graph U-Nets},
    author={Gao, Hongyang and Ji, Shuiwang},
    booktitle={International Conference on Machine Learning},
    pages={2083--2092},
    year={2019}
}
@inproceedings{
velickovic2018deep,
title="{Deep Graph Infomax}",
author={Petar Veli{\v{c}}kovi{\'{c}} and William Fedus and William L. Hamilton and Pietro Li{\`{o}} and Yoshua Bengio and R Devon Hjelm},
booktitle={International Conference on Learning Representations},
year={2019},
url={https://openreview.net/forum?id=rklz9iAcKQ},
}
@article{Tishby2000TheIB,
  title={The information bottleneck method},
  author={Naftali Tishby and Fernando C Pereira and William Bialek},
  journal={ArXiv},
  year={2000},
  volume={physics/0004057},
  url={https://api.semanticscholar.org/CorpusID:8936496}
}
@inproceedings{wu2020graph,
title={Graph Information Bottleneck},
author={Wu, Tailin and Ren, Hongyu and Li, Pan and Leskovec, Jure},
booktitle={Neural Information Processing Systems},
year={2020},
}

@article{Zgner2019AdversarialAO,
  title={Adversarial Attacks on Graph Neural Networks via Meta Learning},
  author={Daniel Z{\"u}gner and Stephan G{\"u}nnemann},
  journal={ArXiv},
  year={2019},
  volume={abs/1902.08412},
  url={https://api.semanticscholar.org/CorpusID:67855601}
}
@article{li2020deeprobust,
  title={Deeprobust: A pytorch library for adversarial attacks and defenses},
  author={Li, Yaxin and Jin, Wei and Xu, Han and Tang, Jiliang},
  journal={arXiv preprint arXiv:2005.06149},
  year={2020}
}
@article{McCallum2000AutomatingTC,
  title={Automating the Construction of Internet Portals with Machine Learning},
  author={Andrew McCallum and Kamal Nigam and Jason D. M. Rennie and Kristie Seymore},
  journal={Information Retrieval},
  year={2000},
  volume={3},
  pages={127-163}
}
@inproceedings{Sen2008CollectiveCI,
  title={Collective Classification in Network Data},
  author={Prithviraj Sen and Galileo Namata and Mustafa Bilgic and Lise Getoor and Brian Gallagher and Tina Eliassi-Rad},
  booktitle={The AI Magazine},
  year={2008}
}
@article{Zhu2013ScalableTA,
  title={Scalable text and link analysis with mixed-topic link models},
  author={Yaojia Zhu and Xiaoran Yan and Lise Getoor and Cristopher Moore},
  journal={Proceedings of the 19th ACM SIGKDD international conference on Knowledge discovery and data mining},
  year={2013}
}

@inproceedings{xu2019topology,
  title={Topology Attack and Defense for Graph Neural Networks: An Optimization Perspective},
  author={Xu, Kaidi and Chen, Hongge and Liu, Sijia and Chen, Pin-Yu and Weng, Tsui-Wei and Hong, Mingyi and Lin, Xue},
  booktitle = "International Joint Conference on Artificial Intelligence (IJCAI)",
  year={2019}
}
@article{chang2021not,
  title={Not All Low-Pass Filters are Robust in Graph Convolutional Networks},
  author={Chang, Heng and Rong, Yu and Xu, Tingyang and Bian, Yatao and Zhou, Shiji and Wang, Xin and Huang, Junzhou and Zhu, Wenwu},
  journal={Advances in Neural Information Processing Systems},
  volume={34},
  year={2021}
}

@inproceedings{hu2019information,
  title={Information Competing Process for Learning Diversified Representations},
  author={Hu, Jie and Ji, Rongrong and Zhang, ShengChuan and Sun, Xiaoshuai and Ye, Qixiang and Lin, Chia-Wen and Tian, Qi},
  booktitle={Advances in Neural Information Processing Systems},
  year={2019}
}
@article{sun2022adversarial,
  title={Adversarial attack and defense on graph data: A survey},
  author={Sun, Lichao and Dou, Yingtong and Yang, Carl and Zhang, Kai and Wang, Ji and Philip, S Yu and He, Lifang and Li, Bo},
  journal={IEEE Transactions on Knowledge and Data Engineering},
  year={2022},
  publisher={IEEE}
}

@article{Zgner2019CertifiableRA,
  title={Certifiable Robustness and Robust Training for Graph Convolutional Networks},
  author={Daniel Z{\"u}gner and Stephan G{\"u}nnemann},
  journal={Proceedings of the 25th ACM SIGKDD International Conference on Knowledge Discovery \& Data Mining},
  year={2019}
}
@inproceedings{Bojchevski2019CertifiableRT,
  title={Certifiable Robustness to Graph Perturbations},
  author={Aleksandar Bojchevski and Stephan G{\"u}nnemann},
  booktitle={Neural Information Processing Systems},
  year={2019}
}
@article{Entezari2020AllYN,
  title={All You Need Is Low (Rank): Defending Against Adversarial Attacks on Graphs},
  author={Negin Entezari and Saba A. Al-Sayouri and Amirali Darvishzadeh and Evangelos E. Papalexakis},
  journal={Proceedings of the 13th International Conference on Web Search and Data Mining},
  year={2020},
  url={https://api.semanticscholar.org/CorpusID:209898569}
}


@article{Wall2002SingularVD,
  title={Singular value decomposition and principal component analysis},
  author={Michael E. Wall and Andreas Rechtsteiner and Luis Mateus Rocha},
  journal={arXiv: Biological Physics},
  year={2002},
  pages={91-109}
}

@article{Winter2021PermutationInvariantVA,
  title={Permutation-Invariant Variational Autoencoder for Graph-Level Representation Learning},
  author={Robin Winter and Frank No'e and Djork-Arn{\'e} Clevert},
  journal={ArXiv},
  year={2021},
  volume={abs/2104.09856}
}
@article{Chen2019GraphRL,
  title={Graph representation learning: a survey},
  author={Fenxiao Chen and Yun Cheng Wang and Bin Wang and C.-C. Jay Kuo},
  journal={APSIPA Transactions on Signal and Information Processing},
  year={2019},
  volume={9}
}

@article{Khoshraftar2022ASO,
  title={A Survey on Graph Representation Learning Methods},
  author={Shima Khoshraftar and Aijun An},
  journal={ArXiv},
  year={2022},
  volume={abs/2204.01855}
}

@article{Kim2021DynaPosGNNDG,
  title={DynaPosGNN: Dynamic-Positional GNN for Next POI Recommendation},
  author={Junbeom Kim and Sihyun Jeong and Goeon Park and Kihoon Cha and Ilhyun Suh and Byungkook Oh},
  journal={2021 International Conference on Data Mining Workshops (ICDMW)},
  year={2021},
  pages={36-44}
}

@article{Yang2021ConsisRecEG,
  title={ConsisRec: Enhancing GNN for Social Recommendation via Consistent Neighbor Aggregation},
  author={Liangwei Yang and Zhiwei Liu and Yingtong Dou and Jing Ma and Philip S. Yu},
  journal={Proceedings of the 44th International ACM SIGIR Conference on Research and Development in Information Retrieval},
  year={2021}
}
@article{Wang2022GNNbasedRA,
  title={GNN-based retrieval and recommadation system: A semantic enhenced graph model},
  author={Long Wang and Xiangpeng Li and Haisu Zhang and Yalan Dai and Shenmin Zhang},
  journal={2022 IEEE 5th Advanced Information Management, Communicates, Electronic and Automation Control Conference (IMCEC)},
  year={2022},
  volume={5},
  pages={1823-1830}
}
@article{Li2022MultiphysicalGN,
  title={Multiphysical graph neural network (MP-GNN) for COVID-19 drug design},
  author={Xiao-Shuang Li and Xiang Liu and Le Lu and Xiansheng Hua and Ying Chi and Kelin Xia},
  journal={Briefings in bioinformatics},
  year={2022}
}
@article{Qiu2023LogicalEO,
  title={Logical Expressiveness of Graph Neural Network for Knowledge Graph Reasoning},
  author={Haiquan Qiu and Yongqi Zhang and Yong Li and Quanming Yao},
  journal={ArXiv},
  year={2023},
  volume={abs/2303.12306}
}
@article{Si2022RecGNNRO,
  title={Rec-GNN: Research on Social Recommendation based on Graph Neural Networks},
  author={Gaofei Si and Shuwei Xu and Zhaoke Li and Jingyun Zhang},
  journal={Proceedings of the 2022 International Conference on Computer Science, Information Engineering and Digital Economy (CSIEDE 2022)},
  year={2022}
}
@inproceedings{Liu2021ElasticGN,
  title={Elastic Graph Neural Networks},
  author={Xiaorui Liu and Wei Jin and Yao Ma and Yaxin Li and Hua Liu and Yiqi Wang and Ming Yan and Jiliang Tang},
  booktitle={International Conference on Machine Learning},
  year={2021}
}
@article{Zhu2019RobustGC,
  title={Robust Graph Convolutional Networks Against Adversarial Attacks},
  author={Dingyuan Zhu and Ziwei Zhang and Peng Cui and Wenwu Zhu},
  journal={Proceedings of the 25th ACM SIGKDD International Conference on Knowledge Discovery \& Data Mining},
  year={2019}
}

@article{Zhou2018GraphNN,
  title={Graph Neural Networks: A Review of Methods and Applications},
  author={Jie Zhou and Ganqu Cui and Zhengyan Zhang and Cheng Yang and Zhiyuan Liu and Maosong Sun},
  journal={ArXiv},
  year={2018},
  volume={abs/1812.08434}
}

@article{Kipf2016VariationalGA,
  title={Variational Graph Auto-Encoders},
  author={Thomas Kipf and Max Welling},
  journal={ArXiv},
  year={2016},
  volume={abs/1611.07308}
}
@article{Wu2019ACS,
  title={A Comprehensive Survey on Graph Neural Networks},
  author={Zonghan Wu and Shirui Pan and Fengwen Chen and Guodong Long and Chengqi Zhang and Philip S. Yu},
  journal={IEEE Transactions on Neural Networks and Learning Systems},
  year={2019},
  volume={32},
  pages={4-24}
}
@inproceedings{Defferrard2016ConvolutionalNN,
  title={Convolutional Neural Networks on Graphs with Fast Localized Spectral Filtering},
  author={Micha{\"e}l Defferrard and Xavier Bresson and Pierre Vandergheynst},
  booktitle={Neural Information Processing Systems},
  year={2016}

@article{Sterling2015ZINC1,
  title={ZINC 15 – Ligand Discovery for Everyone},
  author={T. Sterling and John J. Irwin},
  journal={Journal of Chemical Information and Modeling},
  year={2015},
  volume={55},
  pages={2324 - 2337}
}
@inproceedings{Bordes2013TranslatingEF,
  title={Translating Embeddings for Modeling Multi-relational Data},
  author={Antoine Bordes and Nicolas Usunier and Alberto Garc{\'i}a-Dur{\'a}n and Jason Weston and Oksana Yakhnenko},
  booktitle={Neural Information Processing Systems},
  year={2013}
}
@article{Zhang2019OAGTL,
  title={OAG: Toward Linking Large-scale Heterogeneous Entity Graphs},
  author={Fanjin Zhang and Xiao Liu and Jie Tang and Yuxiao Dong and Peiran Yao and Jie Zhang and Xiaotao Gu and Yan Wang and Bin Shao and Rui Li and Kuansan Wang},
  journal={Proceedings of the 25th ACM SIGKDD International Conference on Knowledge Discovery \& Data Mining},
  year={2019}
}
@article{Bojchevski2018NetGANGG,
  title={NetGAN: Generating Graphs via Random Walks},
  author={Aleksandar Bojchevski and Oleksandr Shchur and Daniel Z{\"u}gner and Stephan G{\"u}nnemann},
  journal={ArXiv},
  year={2018},
  volume={abs/1803.00816}
}
@article{Shi2020GraphAFAF,
  title={GraphAF: a Flow-based Autoregressive Model for Molecular Graph Generation},
  author={Chence Shi and Minkai Xu and Zhaocheng Zhu and Weinan Zhang and Ming Zhang and Jian Tang},
  journal={ArXiv},
  year={2020},
  volume={abs/2001.09382}
}
@article{Sun2019InfoGraphUA,
  title={InfoGraph: Unsupervised and Semi-supervised Graph-Level Representation Learning via Mutual Information Maximization},
  author={Fan-Yun Sun and Jordan Hoffmann and Jian Tang},
  journal={ArXiv},
  year={2019},
  volume={abs/1908.01000}
}
@inproceedings{Schlichtkrull2017ModelingRD,
  title={Modeling Relational Data with Graph Convolutional Networks},
  author={M. Schlichtkrull and Thomas Kipf and Peter Bloem and Rianne van den Berg and Ivan Titov and Max Welling},
  booktitle={Extended Semantic Web Conference},
  year={2017}
}
@article{Fey2020DeepGM,
  title={Deep Graph Matching Consensus},
  author={Matthias Fey and Jan Eric Lenssen and Christopher Morris and Jonathan Masci and Nils M. Kriege},
  journal={ArXiv},
  year={2020},
  volume={abs/2001.09621}
}
}
\bibliography{IEEEabrv,mylib}